@online{decreaseKeyLeftist,
author = "Hendrik Jan",
url = "https://cs.stackexchange.com/questions/76653/leftist-heap-doesnt-support-decreasekey-operation",
title= "Leftist Heap doesn't support DecreaseKey operation?",
keywords="stackExchange"
}